@article{Gaisser:2002jj,
      author         = "Gaisser, T. K. and Honda, M.",
      title          = "{Flux of atmospheric neutrinos}",
      journal        = "Ann. Rev. Nucl. Part. Sci.",
      volume         = "52",
      year           = "2002",
      pages          = "153-199",
      doi            = "10.1146/annurev.nucl.52.050102.090645",
      eprint         = "hep-ph/0203272",
      archivePrefix  = "arXiv",
      primaryClass   = "hep-ph",
      SLACcitation   = "%%CITATION = HEP-PH/0203272;%%"
}

@article{PhysRevD.83.123001,
  title = {Improvement of low energy atmospheric neutrino flux calculation using the JAM nuclear interaction model},
  author = {Honda, M. and Kajita, T. and Kasahara, K. and Midorikawa, S.},
  journal = {Phys. Rev. D},
  volume = {83},
  issue = {12},
  pages = {123001},
  numpages = {34},
  year = {2011},
  month = {Jun},
  publisher = {American Physical Society},
  doi = {10.1103/PhysRevD.83.123001},
  url = {http://link.aps.org/doi/10.1103/PhysRevD.83.123001}
}

@article{Barr:2004br,
      author         = "Barr, G. D. and Gaisser, T. K. and Lipari, P. and
                        Robbins, Simon and Stanev, T.",
      title          = "{A Three - dimensional calculation of atmospheric
                        neutrinos}",
      journal        = "Phys. Rev.",
      volume         = "D70",
      year           = "2004",
      pages          = "023006",
      doi            = "10.1103/PhysRevD.70.023006",
      eprint         = "astro-ph/0403630",
      archivePrefix  = "arXiv",
      primaryClass   = "astro-ph",
      SLACcitation   = "%%CITATION = ASTRO-PH/0403630;%%"
}

@article{Battistoni:2002ew,
      author         = "Battistoni, G. and Ferrari, A. and Montaruli, T. and
                        Sala, P. R.",
      title          = "{The FLUKA atmospheric neutrino flux calculation}",
      journal        = "Astropart. Phys.",
      volume         = "19",
      year           = "2003",
      pages          = "269-290",
      doi            = "10.1016/S0927-6505(02)00246-3",
      note           = "[Erratum: Astropart. Phys.19,291(2003)]",
      eprint         = "hep-ph/0207035",
      archivePrefix  = "arXiv",
      primaryClass   = "hep-ph",
      SLACcitation   = "%%CITATION = HEP-PH/0207035;%%"
}


@article{Achar:1965ova,
      author         = "Achar, C. V. and others",
      title          = "{Detection of muons produced by cosmic ray neutrinos deep
                        underground}",
      journal        = "Phys. Lett.",
      volume         = "18",
      year           = "1965",
      pages          = "196-199",
      doi            = "10.1016/0031-9163(65)90712-2",
      SLACcitation   = "%%CITATION = PHLTA,18,196;%%"
}

@article{Reines:1965qk,
      author         = "Reines, F. and Crouch, M. F. and Jenkins, T. L. and
                        Kropp, W. R. and Gurr, H. S. and Smith, G. R. and
                        Sellschop, J. P. F. and Meyer, B.",
      title          = "{Evidence for high-energy cosmic ray neutrino
                        interactions}",
      journal        = "Phys. Rev. Lett.",
      volume         = "15",
      year           = "1965",
      pages          = "429-433",
      doi            = "10.1103/PhysRevLett.15.429",
      SLACcitation   = "%%CITATION = PRLTA,15,429;%%"
}

@article{Fukuda:1998mi,
      author         = "Fukuda, Y. and others",
      title          = "{Evidence for oscillation of atmospheric neutrinos}",
      collaboration  = "Super-Kamiokande",
      journal        = "Phys. Rev. Lett.",
      volume         = "81",
      year           = "1998",
      pages          = "1562-1567",
      doi            = "10.1103/PhysRevLett.81.1562",
      eprint         = "hep-ex/9807003",
      archivePrefix  = "arXiv",
      primaryClass   = "hep-ex",
      reportNumber   = "BU-98-17, ICRR-REPORT-422-98-18, UCI-98-8,
                        KEK-PREPRINT-98-95, LSU-HEPA-5-98, UMD-98-003, SBHEP-98-5,
                        TKU-PAP-98-06, TIT-HPE-98-09",
      SLACcitation   = "%%CITATION = HEP-EX/9807003;%%"
}

@article{Hosaka:2006zd,
      author         = "Hosaka, J. and others",
      title          = "{Three flavor neutrino oscillation analysis of
                        atmospheric neutrinos in Super-Kamiokande}",
      collaboration  = "Super-Kamiokande",
      journal        = "Phys. Rev.",
      volume         = "D74",
      year           = "2006",
      pages          = "032002",
      doi            = "10.1103/PhysRevD.74.032002",
      eprint         = "hep-ex/0604011",
      archivePrefix  = "arXiv",
      primaryClass   = "hep-ex",
      SLACcitation   = "%%CITATION = HEP-EX/0604011;%%"
}

@article{Aartsen2016161,
title = "Neutrino oscillation studies with IceCube-DeepCore ",
journal = "Nuclear Physics B ",
volume = "908",
number = "",
pages = "161 - 177",
year = "2016",
note = "Neutrino Oscillations: Celebrating the Nobel Prize in Physics 2015 ",
issn = "0550-3213",
doi = "http://dx.doi.org/10.1016/j.nuclphysb.2016.03.028",
url = "http://www.sciencedirect.com/science/article/pii/S0550321316300141",
author = "M.G. Aartsen and others",

}

@article{Kopp2007101,
title = "Accelerator neutrino beams ",
journal = "Physics Reports ",
volume = "439",
number = "3",
pages = "101 - 159",
year = "2007",
note = "",
issn = "0370-1573",
doi = "http://dx.doi.org/10.1016/j.physrep.2006.11.004",
url = "http://www.sciencedirect.com/science/article/pii/S0370157306004431",
author = "Sacha E. Kopp",
}

@TECHREPORT{1995bnl,
   author = {{Beavis}, D. and {Carroll}, A. and {Chiang}, I.},
    title = "{Long baseline neutrino oscillation experiment at the AGS}",
 keywords = {Cerenkov Counters, Experiment Design, Neutrinos, Oscillations, Electronic Equipment, Neutrino Beams, Pattern Recognition, Proton Beams},
booktitle = {Physics Design Report Brookhaven National Lab., Upton, NY.},
     year = 1995,
   editor = {{Beavis}, D. and {Carroll}, A. and {Chiang}, I.},
    month = apr,
   adsurl = {http://adsabs.harvard.edu/abs/1995bnl..rept.....B},
  adsnote = {Provided by the SAO/NASA Astrophysics Data System}
}

@article{Ahn:2006zza,
      author         = "Ahn, M. H. and others",
      title          = "{Measurement of Neutrino Oscillation by the K2K
                        Experiment}",
      collaboration  = "K2K",
      journal        = "Phys. Rev.",
      volume         = "D74",
      year           = "2006",
      pages          = "072003",
      doi            = "10.1103/PhysRevD.74.072003",
      eprint         = "hep-ex/0606032",
      archivePrefix  = "arXiv",
      primaryClass   = "hep-ex",
      SLACcitation   = "%%CITATION = HEP-EX/0606032;%%"
}

@article{Abe:2012jj,
      author         = "Abe, K. and others",
      title          = "{Evidence for the Appearance of Atmospheric Tau Neutrinos
                        in Super-Kamiokande}",
      collaboration  = "Super-Kamiokande",
      journal        = "Phys. Rev. Lett.",
      volume         = "110",
      year           = "2013",
      number         = "18",
      pages          = "181802",
      doi            = "10.1103/PhysRevLett.110.181802",
      eprint         = "1206.0328",
      archivePrefix  = "arXiv",
      primaryClass   = "hep-ex",
      SLACcitation   = "%%CITATION = ARXIV:1206.0328;%%"
}

@article{Agafonova:2015jxn,
      author         = "Agafonova, N. and others",
      title          = "{Discovery of $\tau$ Neutrino Appearance in the CNGS
                        Neutrino Beam with the OPERA Experiment}",
      collaboration  = "OPERA",
      journal        = "Phys. Rev. Lett.",
      volume         = "115",
      year           = "2015",
      number         = "12",
      pages          = "121802",
      doi            = "10.1103/PhysRevLett.115.121802",
      eprint         = "1507.01417",
      archivePrefix  = "arXiv",
      primaryClass   = "hep-ex",
      SLACcitation   = "%%CITATION = ARXIV:1507.01417;%%"
}

@article{DICRESCENZO2015186,
title = "Proceedings of the Neutrino Oscillation Workshop Results from the OPERA experiment",
journal = "Nuclear and Particle Physics Proceedings",
volume = "265",
number = "",
pages = "186 - 188",
year = "2015",
note = "",
issn = "2405-6014",
doi = "http://dx.doi.org/10.1016/j.nuclphysbps.2015.06.047",
url = "http://www.sciencedirect.com/science/article/pii/S2405601415003892",
author = "Paolo Bernardini and Gianluigi Fogli and Eligio Lisi and A. Di Crescenzo",
}


